
@online{_lei_2015,
	title = {{LEI} Nº 9.394, {DE} 20 {DE} {DEZEMBRO} {DE} 1996.},
	url = {http://www.planalto.gov.br/ccivil_03/leis/l9394.htm},
	titleaddon = {Palácio do Planalto},
	urldate = {2015-01-13},
	date = {2015-01-13},
	note = {Acessado em: 13/01/2015},
	file = {L9394:/home/dmitry/.zotero/zotero/wca4ybip.default/zotero/storage/9UGM2R7G/l9394.html:text/html}
}